@article{Coello00,
    author    = {Carlos A. Coello Coello},
    title     = {An updated survey of GA-based multiobjective optimization techniques},
    journal   = {{ACM} Comput. Surv.},
    volume    = {32},
    number    = {2},
    pages     = {109--143},
    year      = {2000},
    timestamp = {Tue, 06 Nov 2018 12:50:49 +0100},
    biburl    = {https://dblp.org/rec/bib/journals/csur/Coello00},
    bibsource = {dblp computer science bibliography, https://dblp.org}
}

@article{MontanoCM12,
    author    = {Alfredo Arias Monta{\~{n}}o and
                 Carlos A. Coello Coello and
                 Efr{\'{e}}n Mezura{-}Montes},
    title     = {Multiobjective Evolutionary Algorithms in Aeronautical and Aerospace
        Engineering},
    journal   = {{IEEE} Trans. Evolutionary Computation},
    volume    = {16},
    number    = {5},
    pages     = {662--694},
    year      = {2012},
    timestamp = {Wed, 17 May 2017 14:25:39 +0200},
    biburl    = {https://dblp.org/rec/bib/journals/tec/MontanoCM12},
    bibsource = {dblp computer science bibliography, https://dblp.org}
}

@article{LiCFY19,
    author    = {Ke Li and
                 Renzhi Chen and
                 Guangtao Fu and
                 Xin Yao},
    title     = {Two-Archive Evolutionary Algorithm for Constrained Multiobjective Optimization},
    journal   = {{IEEE} Trans. Evolutionary Computation},
    volume    = {23},
    number    = {2},
    pages     = {303--315},
    year      = {2019},
    timestamp = {Tue, 20 Aug 2019 15:26:15 +0200},
    biburl    = {https://dblp.org/rec/bib/journals/tec/LiCFY19},
    bibsource = {dblp computer science bibliography, https://dblp.org}
}

@article{PonsichJC13,
    author    = {Antonin Ponsich and
                 Antonio L{\'{o}}pez Jaimes and
                 Carlos A. Coello Coello},
    title     = {A Survey on Multiobjective Evolutionary Algorithms for the Solution of the Portfolio Optimization Problem and Other Finance and Economics Applications},
    journal   = {{IEEE} Trans. Evolutionary Computation},
    volume    = {17},
    number    = {3},
    pages     = {321--344},
    year      = {2013},
    timestamp = {Wed, 17 May 2017 14:25:39 +0200},
    biburl    = {https://dblp.org/rec/bib/journals/tec/PonsichJC13},
    bibsource = {dblp computer science bibliography, https://dblp.org}
}

@article{Das99,
    author  = {Indraneel Das},
    title   = {On characterizing the "knee" of the {Pareto} curve based on Normal-Boundary Intersection},
    journal = {Structural Optimization},
    volume  = {18},
    number  = {2-3},
    pages   = {107-115},
    year    = {1999}
}

@inproceedings{BrankeDDO04,
    author    = {J{\"{u}}rgen Branke and
                 Kalyanmoy Deb and
                 Henning Dierolf and
                 Matthias Osswald},
    title     = {Finding Knees in Multi-objective Optimization},
    booktitle = {PPSN'04: Proc. of the 8th International Conference on Parallel Problem Solving from Nature},
    pages     = {722--731},
    year      = {2004},
    timestamp = {Tue, 14 May 2019 10:00:53 +0200},
    biburl    = {https://dblp.org/rec/bib/conf/ppsn/BrankeDDO04},
    bibsource = {dblp computer science bibliography, https://dblp.org}
}

@article{RachmawatiS09,
    author    = {Lily Rachmawati and
                 Dipti Srinivasan},
    title     = {Multiobjective Evolutionary Algorithm With Controllable Focus on the Knees of the Pareto Front},
    journal   = {{IEEE} Trans. Evolutionary Computation},
    volume    = {13},
    number    = {4},
    pages     = {810--824},
    year      = {2009},
    timestamp = {Fri, 02 Nov 2018 09:31:01 +0100},
    biburl    = {https://dblp.org/rec/bib/journals/tec/RachmawatiS09},
    bibsource = {dblp computer science bibliography, https://dblp.org}
}

@inproceedings{RachmawatiS06,
    author    = {Lily Rachmawati and
                 Dipti Srinivasan},
    title     = {A multi-objective evolutionary algorithm with weighted-sum niching for convergence on knee regions},
    booktitle = {GECCO'06: Proc. of the 2006 Genetic and Evolutionary Computation Conference},
    pages     = {749--750},
    year      = {2006},
    timestamp = {Tue, 06 Nov 2018 11:06:41 +0100},
    biburl    = {https://dblp.org/rec/bib/conf/gecco/RachmawatiS06},
    bibsource = {dblp computer science bibliography, https://dblp.org}
}

@inproceedings{RachmawatiS06a,
    author    = {Lily Rachmawati and
                 Dipti Srinivasan},
    title     = {A Multi-Objective Genetic Algorithm with Controllable Convergence
        on Knee Regions},
    booktitle = {CEC'06: Proc. of the 2006 {IEEE} International Conference on Evolutionary Computation},
    pages     = {1916--1923},
    year      = {2006},
    timestamp = {Wed, 16 Oct 2019 14:14:52 +0200},
    biburl    = {https://dblp.org/rec/bib/conf/cec/RachmawatiS06a},
    bibsource = {dblp computer science bibliography, https://dblp.org}
}

@inproceedings{BechikhSG10,
    author    = {Slim Bechikh and
                 Lamjed Ben Said and
                 Khaled Gh{\'{e}}dira},
    title     = {Searching for knee regions in multi-objective optimization using mobile reference points},
    booktitle = {SAC'10: Proc. of the 2010 {ACM} Symposium on Applied Computing},
    pages     = {1118--1125},
    year      = {2010},
    timestamp = {Sun, 02 Jun 2019 21:18:37 +0200},
    biburl    = {https://dblp.org/rec/bib/conf/sac/BechikhSG10},
    bibsource = {dblp computer science bibliography, https://dblp.org}
}

@article{BechikhSG11,
  author    = {Slim Bechikh and
               Lamjed Ben Said and
               Khaled Gh{\'{e}}dira},
  title     = {Searching for knee regions of the Pareto front using mobile reference points},
  journal   = {Soft Comput.},
  volume    = {15},
  number    = {9},
  pages     = {1807--1823},
  year      = {2011},
  timestamp = {Sat, 20 May 2017 00:25:41 +0200},
  biburl    = {https://dblp.org/rec/bib/journals/soco/BechikhSG11},
  bibsource = {dblp computer science bibliography, https://dblp.org}
}

@article{ZhangTJ15,
    author    = {Xingyi Zhang and
                 Ye Tian and
                 Yaochu Jin},
    title     = {A Knee Point-Driven Evolutionary Algorithm for Many-Objective Optimization},
    journal   = {{IEEE} Trans. Evolutionary Computation},
    volume    = {19},
    number    = {6},
    pages     = {761--776},
    year      = {2015},
    timestamp = {Wed, 17 May 2017 14:25:39 +0200},
    biburl    = {https://dblp.org/rec/bib/journals/tec/ZhangTJ15},
    bibsource = {dblp computer science bibliography, https://dblp.org}
}

@article{SudengW15,
    author  = {Sufian Sudeng and
               Naruemon Wattanapongsakorn},
    title   = {A Preference-Based Multiobjective Evolutioary Algorithm for Finding Knee Solutions},
    journal = {Applied Mechanics \& Materials},
    volume  = {781},
    pages   = {5},
    year    = {2015},
}

@inproceedings{Ramirez-Atencia17,
    author    = {Cristian Ram{\'{\i}}rez{-}Atencia and
                 Sanaz Mostaghim and
                 David Camacho},
    title     = {A knee point based evolutionary multi-objective optimization for mission planning problems},
    booktitle = {GECCO'17: Proc. of the Genetic and Evolutionary Computation Conference},
    pages     = {1216--1223},
    year      = {2017},
    timestamp = {Tue, 06 Nov 2018 11:06:39 +0100},
    biburl    = {https://dblp.org/rec/bib/conf/gecco/Ramirez-Atencia17},
    bibsource = {dblp computer science bibliography, https://dblp.org}
}

@article{DebG11,
    author  = {Kalyanmoy Deb and
               Shivam Gupta},
    title   = {Understanding knee points in bicriteria problems and their implications as preferred solution principles},
    journal = {Engineering Optimization},
    volume  = {43},
    number  = {11},
    pages   = {1175--1204},
    year    = {2011},
}

@article{ChiuYJ16,
    author    = {Wei{-}Yu Chiu and
                 Gary G. Yen and
                 Teng{-}Kuei Juan},
    title     = {Minimum Manhattan Distance Approach to Multiple Criteria Decision Making in Multiobjective Optimization Problems},
    journal   = {{IEEE} Trans. Evolutionary Computation},
    volume    = {20},
    number    = {6},
    pages     = {972--985},
    year      = {2016},
    timestamp = {Wed, 14 Jun 2017 20:35:13 +0200},
    biburl    = {https://dblp.org/rec/bib/journals/tec/ChiuYJ16},
    bibsource = {dblp computer science bibliography, https://dblp.org}
}

@article{BeumeNE07,
    author    = {Nicola Beume and
                 Boris Naujoks and
                 Michael T. M. Emmerich},
    title     = {{SMS-EMOA:} Multiobjective selection based on dominated hypervolume},
    journal   = {European Journal of Operational Research},
    volume    = {181},
    number    = {3},
    pages     = {1653--1669},
    year      = {2007},
    timestamp = {Wed, 14 Nov 2018 10:50:49 +0100},
    biburl    = {https://dblp.org/rec/bib/journals/eor/BeumeNE07},
    bibsource = {dblp computer science bibliography, https://dblp.org}
}

@inproceedings{Ikeda2001,
    author      = {Kokolo Ikeda and
                   Hajime Kita and
                   Shigenobu Kobayashi},
    title       = {Failure of Pareto-based {MOEAs}: Does non-dominated really mean near to optimal?},
    booktitle   = {CEC'01: Proc. of the 2001 Congress on Evolutionary Computation},
    volume      = {2},
    pages       = {957--962},
    year        = {2001}
}

@inproceedings{LiYL15,
    author    = {Miqing Li and
                 Shengxiang Yang and
                 Xiaohui Liu},
    title     = {A Performance Comparison Indicator for Pareto Front Approximations in Many-Objective Optimization},
    booktitle = {GECCO'15: Proc. of 2015 Genetic and Evolutionary Computation Conference},
    pages     = {703--710},
    year      = {2015},
    timestamp = {Tue, 06 Nov 2018 11:06:40 +0100},
    biburl    = {https://dblp.org/rec/bib/conf/gecco/LiYL15},
    bibsource = {dblp computer science bibliography, https://dblp.org}
}

@inproceedings{JiangYL16,
  author    = {Shouyong Jiang and
               Shengxiang Yang and
               Miqing Li},
  title     = {On the use of hypervolume for diversity measurement of Pareto front approximations},
  booktitle = {2016 {IEEE} Symposium Series on Computational Intelligence, {SSCI} 2016, Athens, Greece, December 6-9, 2016},
  pages     = {1--8},
  year      = {2016},
  timestamp = {Fri, 02 Nov 2018 09:44:58 +0100},
  biburl    = {https://dblp.org/rec/bib/conf/ssci/JiangYL16},
  bibsource = {dblp computer science bibliography, https://dblp.org}
}

@inproceedings{BhattacharjeeSR16,
    author    = {Kalyan Shankar Bhattacharjee and
                 Hemant Kumar Singh and
                 Tapabrata Ray},
    title     = {A Study on Performance Metrics to Identify Solutions of Interest from a Trade-Off Set},
    booktitle = {ACALCI'16: Proc. of 2016 Artificial Life and Computational Intelligence},
    pages     = {66--77},
    year      = {2016},
    timestamp = {Mon, 16 Sep 2019 15:23:23 +0200},
    biburl    = {https://dblp.org/rec/bib/conf/acal/BhattacharjeeSR16},
    bibsource = {dblp computer science bibliography, https://dblp.org}
}

@inproceedings{SchutzeLC08,
    author    = {Oliver Sch{\"{u}}tze and
                 Marco Laumanns and
                 Carlos A. Coello Coello},
    title     = {Approximating the Knee of an {MOP} with Stochastic Search Algorithms},
    booktitle = {PPSN'08: Proc. of the 10th International Conference on Parallel Problem Solving from Nature},    
    pages     = {795--804},
    year      = {2008},
    timestamp = {Tue, 14 May 2019 10:00:53 +0200},
    biburl    = {https://dblp.org/rec/bib/conf/ppsn/SchutzeLC08},
    bibsource = {dblp computer science bibliography, https://dblp.org}
}

@inproceedings{YuJO18,
    author    = {Guo Yu and
                 Yaochu Jin and
                 Markus Olhofer},
    title     = {A Method for a Posteriori Identification of Knee Points Based on Solution Density},
    booktitle = {CEC'18: Proc. of 2018 {IEEE} Congress on Evolutionary Computation},
    pages     = {1--8},
    year      = {2018},
    timestamp = {Wed, 16 Oct 2019 14:14:52 +0200},
    biburl    = {https://dblp.org/rec/bib/conf/cec/YuJO18},
    bibsource = {dblp computer science bibliography, https://dblp.org}
}

@article{BhattacharjeeSR17,
  author    = {Kalyan Shankar Bhattacharjee and
               Hemant Kumar Singh and
               Michael Ryan and
               Tapabrata Ray},
  title     = {Bridging the Gap: Many-Objective Optimization and Informed Decision-Making},
  journal   = {{IEEE} Trans. Evolutionary Computation},
  volume    = {21},
  number    = {5},
  pages     = {813--820},
  year      = {2017},
  timestamp = {Wed, 11 Oct 2017 11:23:30 +0200},
  biburl    = {https://dblp.org/rec/bib/journals/tec/BhattacharjeeSR17},
  bibsource = {dblp computer science bibliography, https://dblp.org}
}

@article{AsafuddoulaRS15,
  author    = {Md. Asafuddoula and
               Tapabrata Ray and
               Ruhul A. Sarker},
  title     = {A Decomposition-Based Evolutionary Algorithm for Many Objective Optimization},
  journal   = {{IEEE} Trans. Evolutionary Computation},
  volume    = {19},
  number    = {3},
  pages     = {445--460},
  year      = {2015},
   
  timestamp = {Wed, 14 Jun 2017 20:35:13 +0200},
  biburl    = {https://dblp.org/rec/bib/journals/tec/AsafuddoulaRS15},
  bibsource = {dblp computer science bibliography, https://dblp.org}
}

@article{DebAPM02,
  author    = {Kalyanmoy Deb and
               Samir Agrawal and
               Amrit Pratap and
               T. Meyarivan},
  title     = {A fast and elitist multiobjective genetic algorithm: {NSGA-II}},
  journal   = {{IEEE} Trans. Evolutionary Computation},
  volume    = {6},
  number    = {2},
  pages     = {182--197},
  year      = {2002},
   
  timestamp = {Wed, 14 Nov 2018 10:34:14 +0100},
  biburl    = {https://dblp.org/rec/bib/journals/tec/DebAPM02},
  bibsource = {dblp computer science bibliography, https://dblp.org}
}

@article{Deb99,
  author    = {Kalyanmoy Deb},
  title     = {Multi-objective Genetic Algorithms: Problem Difficulties and Construction
               of Test Problems},
  journal   = {Evolutionary Computation},
  volume    = {7},
  number    = {3},
  pages     = {205--230},
  year      = {1999},
  timestamp = {Wed, 14 Nov 2018 10:13:02 +0100},
  biburl    = {https://dblp.org/rec/bib/journals/ec/Deb99},
  bibsource = {dblp computer science bibliography, https://dblp.org}
}

@incollection{DebTLZ05,
  author    = {Kalyanmoy Deb and
               Lothar Thiele and
               Marco Laumanns and
               Eckart Zitzler},
  title     = {Scalable Test Problems for Evolutionary Multiobjective Optimization},
  booktitle = {Evolutionary Multiobjective Optimization},
  pages     = {105--145},
  year      = {2005},
  timestamp = {Thu, 25 Jul 2019 18:49:32 +0200},
  biburl    = {https://dblp.org/rec/bib/books/sp/05/DebTLZ05},
  bibsource = {dblp computer science bibliography, https://dblp.org}
}

@article{Jacoby74,
  author={Jacoby, Jacob and 
		Speller, Donald E and 
		Kohn, Carol A},
  title={Brand choice behavior as a function of information load},
  journal={Journal of Marketing Research},
  volume={11},
  number={1},
  pages={63--69},
  year={1974}
}

@inproceedings{YuJO19,
    author    = {Guo Yu and
                 Yaochu Jin and
                 Markus Olhofer},
    title     = {An a priori knee identification multi-objective evolutionary algorithm based on $\alpha$-dominance},
    booktitle = {GECCO'19: Proc. of the 2019 Genetic and Evolutionary Computation Conference Companion},
    pages     = {241--242},
    year      = {2019},
    timestamp = {Thu, 11 Jul 2019 11:05:01 +0200},
    biburl    = {https://dblp.org/rec/bib/conf/gecco/YuJO19},
    bibsource = {dblp computer science bibliography, https://dblp.org}
}

@article{YuJO19a,
    author    = {Guo Yu and
                 Yaochu Jin and
                 Markus Olhofer},
    title     = {Benchmark Problems and Performance Indicators for Search of Knee Points in Multiobjective Optimization},
    journal   = {IEEE Trans. Cybernetics},
    year      = {2019},
    note      = {accepted for publication}
}

@article{LiuGZ14,
    author    = {Hai{-}Lin Liu and
                 Fangqing Gu and
                 Qingfu Zhang},
    title     = {Decomposition of a Multiobjective Optimization Problem Into a Number
        of Simple Multiobjective Subproblems},
    journal   = {{IEEE} Trans. Evolutionary Computation},
    volume    = {18},
    number    = {3},
    pages     = {450--455},
    year      = {2014},
    timestamp = {Thu, 16 May 2019 16:34:48 +0200},
    biburl    = {https://dblp.org/rec/bib/journals/tec/LiuGZ14},
    bibsource = {dblp computer science bibliography, https://dblp.org}
}

@article{DasD98,
    author    = {Indraneel Das and
                 John E. Dennis},
    title     = {Normal-Boundary Intersection: {A} New Method for Generating the Pareto
        Surface in Nonlinear Multicriteria Optimization Problems},
    journal   = {{SIAM} Journal on Optimization},
    volume    = {8},
    number    = {3},
    pages     = {631--657},
    year      = {1998},
    timestamp = {Wed, 14 Nov 2018 10:14:27 +0100},
    biburl    = {https://dblp.org/rec/bib/journals/siamjo/DasD98},
    bibsource = {dblp computer science bibliography, https://dblp.org}
}
